% Encoding: UTF-8
@article{drepper2007every,
  title={What every programmer should know about memory},
  author={Drepper, Ulrich},
  journal={Red Hat, Inc},
  volume={11},
  number={2007},
  pages={2007},
  year={2007}
}

@inproceedings{evans2006scalable,
  title={A scalable concurrent malloc (3) implementation for FreeBSD},
  author={Evans, Jason},
  booktitle={Proc. of the bsdcan conference, ottawa, canada},
  year={2006}
}

@article{knowlton1965fast,
  title={A fast storage allocator},
  author={Knowlton, Kenneth C},
  journal={Communications of the ACM},
  volume={8},
  number={10},
  pages={623--624},
  year={1965},
  publisher={ACM New York, NY, USA}
}

@article{knuth1968art,
  title={The Art ofComputer Programming Vol. 1, Fundamental Algorithms},
  author={Knuth, Donald E},
  journal={ff Addison-Wesley, Reading, Massachusetts},
  pages={435},
  year={1968}
}

@inproceedings{korn1985search,
  title={In search of a better malloc},
  author={Korn, David G and Vo, Kiem-Phong},
  booktitle={Proceedings of the Summer 1985 USENIX Conference},
  pages={489--506},
  year={1985}
}

@techreport{dube1998comparison,
  title={A Comparison of the Memory Management sub-systems in FreeBSD and Linux},
  author={Dube, Rohit},
  year={1998}
}

@article{russell2008virtio,
  title={virtio: towards a de-facto standard for virtual I/O devices},
  author={Russell, Rusty},
  journal={ACM SIGOPS Operating Systems Review},
  volume={42},
  number={5},
  pages={95--103},
  year={2008},
  publisher={ACM New York, NY, USA}
}

@inproceedings{bonwick1994slab,
  title={The slab allocator: An object-caching kernel memory allocator.},
  author={Bonwick, Jeff and others},
  booktitle={USENIX summer},
  volume={16},
  year={1994},
  organization={Boston, MA, USA}
}

@book{bovet2005understanding,
  title={Understanding the Linux Kernel: from I/O ports to process management},
  author={Bovet, Daniel P and Cesati, Marco},
  year={2005},
  publisher={" O'Reilly Media, Inc."}
}

@Online {Linux61LWNnet-2023-05-25,  title = {Linux 6.1 [LWN.net]},  date = {2023-05-25},  year = {2023},  file = {:./references/ml-linux-kernel-CAHk-%3Dwj_HcgFZNyZHTLJ7qC2613zphKDtLh6ndciwopZRfH0aQ%40mail.gmail.com-.html:html},  url = {https://lwn.net/ml/linux-kernel/CAHk-%3Dwj_HcgFZNyZHTLJ7qC2613zphKDtLh6ndciwopZRfH0aQ%40mail.gmail.com/},  urldate = {2023-05-25}}
@Online {AndroidAndroidOpenSourceProject-2022-09-19,  title = {Android Open Source Project},  date = {2022-09-19},  year = {2022},  file = {:./references/docs-security-memory-safety.html:html},  url = {https://source.android.google.cn/docs/security/memory-safety?hl=zh-cn},  urldate = {2023-05-25}}
@Online {RemoveDISCINTIGMEMmemorymodelLWNnet-2021-06-04,  title = {Remove DISCINTIGMEM memory model [LWN.net]},  date = {2021-06-04},  year = {2021},  file = {:./references/Articles-858333-.html:html},  url = {https://lwn.net/Articles/858333/},  urldate = {2023-05-06}}
@Online {sparsememextremeimplementationLWNnet-2005-08-12,  title = {sparsemem extreme implementation [LWN.net]},  date = {2005-08-12},  year = {2005},  file = {:./references/Articles-147285-.html:html},  url = {https://lwn.net/Articles/147285/},  urldate = {2023-05-06}}                                                                                                                                                                                                                       //
@Online {sparsememmemorymodelLWNnet-2005-05-06,  title = {sparsemem memory model [LWN.net]},  date = {2005-05-06},  year = {2005},  file = {:./references/Articles-134804-.html:html},  url = {https://lwn.net/Articles/134804/},  urldate = {2023-05-06}}
@Online {MemorytheflatthediscontiguousandthesparseLWNnet-2021-05-21,  title = {Memory: the flat, the discontiguous, and the sparse [LWN.net]},  date = {2021-05-21},  year = {2021},  file = {:./references/Articles-789304-.html:html},  url = {https://lwn.net/Articles/789304/},  urldate = {2023-05-06}}
@Online {TheKernelAddressSanitizerKASANTheLinuxKerneldocumentation-2023-04-24,  title = {The Kernel Address Sanitizer (KASAN) — The Linux Kernel documentation},  date = {2023-04-24},  year = {2023},  file = {:./references/doc-html-latest-dev-tools-kasan.html.html:html},  url = {https://www.kernel.org/doc/html/latest/dev-tools/kasan.html},  urldate = {2023-05-06}}
@Online {KernelElectricFenceKFENCETheLinuxKerneldocumentation-2023-04-24,  title = {Kernel Electric-Fence (KFENCE) — The Linux Kernel documentation},  date = {2023-04-24},  year = {2023},  file = {:./references/doc-html-latest-dev-tools-kfence.html.html:html},  url = {https://www.kernel.org/doc/html/latest/dev-tools/kfence.html},  urldate = {2023-05-06}}
@Online {DetectingMemoryx86OSDevWiki-2022-09-16,  title = {Detecting Memory (x86) - OSDev Wiki},  date = {2022-09-16},  year = {2022},  file = {:./references/Detecting_Memory_(x86).html:html},  url = {https://wiki.osdev.org/Detecting_Memory_(x86)#BIOS_Function:_INT_0x15.2C_EAX_.3D_0xE820},  urldate = {2023-05-06}}
@Comment{jabref-meta: databaseType:bibtex;}
